<record><leader>00000cas a22000007a 4500</leader><controlfield tag="001">24514839</controlfield><controlfield tag="008">911008d18871936iauwr ne      0    0eng d</controlfield><datafield ind1=" " ind2=" " tag="010"><subfield code="a">sn 91056025 </subfield></datafield><datafield ind1=" " ind2=" " tag="040"><subfield code="a">INP</subfield><subfield code="b">eng</subfield><subfield code="c">INP</subfield><subfield code="d">OCLCQ</subfield></datafield><datafield ind1=" " ind2=" " tag="042"><subfield code="a">msc</subfield></datafield><datafield ind1="0" ind2="0" tag="245"><subfield code="a">Lawler dispatch.</subfield></datafield><datafield ind1=" " ind2=" " tag="260"><subfield code="a">Lawler, IA :</subfield><subfield code="b">Edwin G. Erler</subfield></datafield><datafield ind1=" " ind2=" " tag="300"><subfield code="a">v.</subfield></datafield><datafield ind1=" " ind2=" " tag="310"><subfield code="a">Weekly</subfield></datafield><datafield ind1=" " ind2=" " tag="588"><subfield code="a">Description based on: Vol. 24, no. 25 (Jan. 27, 1910).</subfield></datafield><datafield ind1=" " ind2=" " tag="752"><subfield code="a">United States</subfield><subfield code="b">Iowa</subfield><subfield code="c">Chickasaw</subfield><subfield code="d">Lawler.</subfield></datafield><datafield ind1="0" ind2="4" tag="785"><subfield code="t">New Hampton tribune (New Hampton, Iowa : 1937)</subfield><subfield code="w">(DLC)sn 87058092</subfield></datafield></record>